@techreport{PreviousReport,
  title = {{Development of an Autonomous Outdoor Robot}},
  author = {Anastasios Deligiannis and Dionysios Koutavas and Denis Melehovs},
  year = {2015},
  institution = {Heriot-Watt University, Department Electrical, Electronic and Computer Engineering},
  date-added = {2015-08-11 10:05:52},
}

@techreport{2012_report,
  title = {{Development of a Remotely Operated Unmanned Vehicle}},
  author = {Calum Morrison, Joshua Walhane, Neil Comerford},
  year = {2012},
  institution = {Heriot-Watt University, Department Electrical, Electronic and Computer Engineering},
  date-added = {2015-08-27 10:05:52},
}

@misc{RobotNavigation,
  title = {{Mobile Robot Navigation}},
  howpublished = {\url{http://www.doc.ic.ac.uk/~nd/surprise_97/journal/vol4/jmd/}},
  note = {Accessed: 2016-05-09},
}

@misc{GoogleMapsAPI,
  title = {{Google Maps Javascript API}},
  howpublished = {\url{https://developers.google.com/maps/documentation/javascript/}},
  note = {Accessed: 2015-11-08},
}

@misc{falcon-big-picture,
  title = {{Falcon | Tutorial | The Big Picture}},
  howpublished = {\url{http://falcon.readthedocs.io/en/stable/user/tutorial.html#the-big-picture}},
  note = {Accessed: 2016-05-07},
}


@misc{OpenAI,
  title = {{Open AI}},
  howpublished = {\url{https://www.openai.com/}},
}

@misc{github-fixtures,
  title = {{How to use Task Fixtures}},
  howpublished = {\url{https://github.com/IonSystems/tiberius-robot/blob/master/tiberius/web-interface/missionplanner/fixtures/tasks.json}},
}

@misc{pep-3333,
  title = {{PEP 3333}},
  howpublished = {\url{https://www.python.org/dev/peps/pep-3333/}},
}

@misc{python-wsgiref-simple_server,
  title = {{WSGI Server}},
  howpublished = {\url{https://docs.python.org/2/library/wsgiref.html#module-wsgiref.simple_server}},
}


@misc{LeafletMapsAPI,
  title = {{Leaflet - a JavaScript library for interactive maps}},
  howpublished = {\url{http://leafletjs.com/index.html}},
  note = {Accessed: 2015-11-08},
}


@misc{databasedefinition,
  title = {{database definition}},
  howpublished = {\url{http://searchsqlserver.techtarget.com/definition/database}},
  note = {Accessed: 2015-11-08},
}

@misc{decoratordefinition,
  title = {{decorator definition}},
  howpublished = {\url{http://thecodeship.com/patterns/guide-to-python-function-decorators/}},
  note = {Accessed: 2015-11-08},
}




@misc{relationaldatabasedefinition,
  title = {{relational database definition}},
  howpublished = {\url{http://searchsqlserver.techtarget.com/definition/relational-database}},
  note = {Accessed: 2015-11-08},
}

@misc{OSOpenSpaceAPI,
  title = {{Ordinance Survey OpenSpace API}},
  howpublished = {\url{https://www.ordnancesurvey.co.uk/business-and-government/products/os-openspace/api/index.html}},
  note = {Accessed: 2015-11-08},
}

@misc{MapQuestAPI,
  title = {{MapQuest Static Map API}},
  howpublished = {\url{https://developer.mapquest.com/products/maps}},
  note = {Accessed: 2015-11-08},
}




@misc{OviMapsAPI,
  title = {{Ovi Maps API}},
  howpublished = {\url{http://api.maps.ovi.com/devguide/overview.html}},
  note = {Accessed: 2015-11-08},
}


@misc{DjangoBook,
  title = {{Django Book | Chapter 1: Introduction to Django}},
  howpublished = {\url{http://www.djangobook.com/en/2.0/chapter01.html}},
  note = {Accessed: 2015-11-08},
}


@misc{Bootstrap,
  title = {{Bootstrap: The world's most popular mobile-first and responsive front-end framework.}},
  howpublished = {\url{http://getbootstrap.com/}},
  note = {Accessed: 2015-11-08},
}


@misc{TiobeIndex,
  title = {{TIOBE Software: Tiobe Index}},
  howpublished = {\url{http://www.tiobe.com/index.php/content/paperinfo/tpci/index.html}},
  note = {Accessed: 2015-11-08},
}


@misc{BitBucket,
  title = {{Tiberius Bitbucket Repository}},
  howpublished = {\url{https://bitbucket.org/tasosdeligiannis/tiberius/src}},
  note = {Accessed: 2015-11-09},
}

@misc{GitHub,
  title = {{Tiberius Github Repository}},
  howpublished = {\url{https://github.com/IonSystems/tiberius-robot}},
  note = {Accessed: 2015-11-09},
}
@misc{oldest-commit,
  title = {{Tiberius Github Repository's Oldest Commit}},
  howpublished = {
   \url{https://github.com/IonSystems/tiberius-robot/commit/78f84c8eaaf8bfab26f7d85efd8d6aff8562afa4}
  },
  note = {Accessed: 2016-05-04},
}


@misc{ROS,
  title = {{Robot Operating System Wiki}},
  howpublished = {\url{http://wiki.ros.org/}},
  note = {Accessed: 2015-11-10},
}

@misc{lat-long-points,
  title = {{Moveable-type}},
  howpublished = {\url{http://www.movable-type.co.uk/scripts/latlong.html}},
  note = {Accessed: 2016-05-08},
}

@tech
{GrahamAuldRobotReport,
  title = {{Robot Vehicle Computer System with Wireless Communication and Control}},
  author = {Graham M. Auld},
  year = {2006},
  institution = {Heriot-Watt University, Department of Electrical, Electronic and Computer Engineering},
  pages = {66},
  date-added = {2015-08-12 10:05:52},
}

@tech
{tibby-lit-review,
  title = {{Preliminary Design Review for the Development of an Autonomous Robot}},
  author = {
  			Cameron A. Craig and 
  			Aidan P. J. Gallagher and
            Euan W. Mutch and
            Andrew J. Rigg and
            Duncan A. Robertson and
            Stuart J. Thain
           },
  year = {2015},
  institution = {Heriot-Watt University, Department of Electrical, Electronic and Computer Engineering},
  pages = {66},
  date-added = {2016-03-05 10:05:52},
}

//Mechanics & Motion, keep your crap out of here ***********
@manual{Dun_dcmotor,
    organization = {MFA Como Drills},
	title = {986D SERIES 52mm DIA (EPICYCLIC) METAL GEARBOX},
    number = {986D1001},
    note = {RE 800 MOTOR}
}

@manual{Dun_encoder,
    organization = {HONEYWELL},
	title = {HOA0901 Transmissive Encoder Sensor},
    number = {HOA0901-012}
}

@article{Dun_bezier,
  title={A Bezier curve based path planning in a multi-agent robot soccer system without violating the acceleration limits},
  author={Jolly, KG and Kumar, R Sreerama and Vijayakumar, R},
  journal={Robotics and Autonomous Systems},
  volume={57},
  number={1},
  pages={23--33},
  year={2009},
  publisher={Elsevier}
}

@online{Dun_comodrills,
  author = {MFA/COMO DRILLS},
  title = {986D 52mm DIA (EPICYCLIC) METAL GEARBOX},
  year = 2016,
  url = {http://www.mfacomodrills.com/gearboxes/986d_series.html},
  urldate = {2016-04-14}
}

@online{Dun_dbwb,
  author = {Tim Jansen},
  title = {From Design to Product},
  year = 2015,
  url = {http://www.solarteameindhoven.nl/from-design-to-product/},
  urldate = {2016-05-02}
}

@online{Dun_indsus,
  author = {Dnyaneshwar Phapale},
  title = {Automobile suspension system},
  year = 2014,
  url = {http://www.slideshare.net/dnyaneshwarphapale/automobile-suspension-system},
  urldate = {2016-05-10}
}

@misc{Dun_patent,
  title={Electric linear actuator},
  author={Hirose, G. and Sato, M. and Kawada, D. and Sakai, A.},
  url={https://www.google.com/patents/US5295407},
  year={1994},
  month=mar # "~22",
  publisher={Google Patents},
  note={US Patent 5,295,407}
}
// *************************************************************